<?xml version="1.0" encoding="UTF-8"?><collection xmlns="http://www.loc.gov/MARC21/slim"><record><leader>00345nam--2200121-i-4500</leader><controlfield tag="001">000028288</controlfield><controlfield tag="002">20161230</controlfield><controlfield tag="005">20161230201037</controlfield><controlfield tag="008">060222s1000------------r-----000-0-eng-d</controlfield><datafield ind1=" " ind2=" " tag="100"><subfield code="a">Ivanov, A.P</subfield></datafield><datafield ind1=" " ind2=" " tag="245"><subfield code="a">Mecanizarae si automatizarea proceselor tehnologice in constructia de masini</subfield></datafield><datafield ind1=" " ind2=" " tag="260"><subfield code="a">Bucuresti,Editura Tehnica, 1961. 283p</subfield></datafield><datafield ind1=" " ind2=" " tag="852"><subfield code="a">2707</subfield></datafield></record></collection>